<?xml version="1.0" encoding="UTF-8"?><collection xmlns="http://www.loc.gov/MARC21/slim"><record><leader>00387nam--2200109-i-4500</leader><controlfield tag="001">000047680</controlfield><controlfield tag="002">20161230</controlfield><controlfield tag="005">20161230201046</controlfield><controlfield tag="008">060222s1000------------r-----000-0-eng-d</controlfield><datafield ind1=" " ind2=" " tag="245"><subfield code="a">World scientific lecture notes in physics: vol.5. fondations of quantum chromodynamics. an introduction to perturbative methods in gauge theories</subfield></datafield><datafield ind1=" " ind2=" " tag="260"><subfield code="a">Singapore, World Scientific, 1987</subfield></datafield><datafield ind1=" " ind2=" " tag="700"><subfield code="a">Taizomuta</subfield></datafield></record></collection>